% This file was created with JabRef 2.7b.
% Encoding: Cp1252

@ARTICLE{Abe2007,
  author = {Abe, Y. and da Silva, M. and Popovi{\'c}, J.},
  title = {{Multiobjective control with frictional contacts}},
  year = {2007},
  pages = {249--258},
  booktitle = {Proceedings of the 2007 ACM SIGGRAPH/Eurographics symposium on Computer
	animation},
  organization = {Eurographics Association Aire-la-Ville, Switzerland, Switzerland}
}

@BOOK{abraham1978foundations,
  title = {{Foundations of mechanics}},
  year = {1978},
  author = {Abraham, R. and Marsden, J.E.},
  journal = {Reading, Massachusetts}
}

@BOOK{Abraham1987,
  title = {{Foundations of Mechanics, Second Edition}},
  publisher = {Addison-Wesley},
  year = {1987},
  author = {Abraham, Ralph and Marsden, Jerrold E.},
  __markedentry = {[fliu]},
  owner = {fliu},
  timestamp = {2011.05.24}
}

@BOOK{albus1989nns,
  title = {{NASA/NBS standard reference model for telerobot control system architecture
	(NASREM)}},
  publisher = {National Institute of Standards and Technology},
  year = {1989},
  author = {Albus, J.S. and McCain, H.G. and Lumia, R. and National Institute
	of Standards and Technology (US)}
}

@BOOK{Alexander2003,
  title = {{Principles of animal locomotion}},
  publisher = {Princeton University Press},
  year = {2003},
  author = {Alexander, R.M.N.}
}

@CONFERENCE{allen2007beat,
  author = {Allen, B. and Chu, D. and Shapiro, A. and Faloutsos, P.},
  title = {{On the beat!: timing and tension for dynamic characters}},
  booktitle = {Proceedings of the 2007 ACM SIGGRAPH/Eurographics symposium on Computer
	animation},
  year = {2007},
  pages = {239--247},
  organization = {Eurographics Association Aire-la-Ville, Switzerland, Switzerland}
}

@CONFERENCE{ames2007geometric,
  author = {Ames, A.D. and Gregg, R.D. and Spong, M.W.},
  title = {{A geometric approach to three-dimensional hipped bipedal robotic
	walking}},
  booktitle = {Decision and Control, 2007 46th IEEE Conference on},
  year = {2007},
  pages = {5123--5130},
  organization = {IEEE},
  issn = {0191-2216}
}

@BOOK{ames2006categorical,
  title = {A categorical theory of hybrid systems},
  year = {2006},
  author = {Ames, A.D. and Sastry, S.},
  volume = {68},
  number = {02}
}

@ARTICLE{Anderson2001,
  author = {Anderson, F.C. and Pandy, M.G.},
  title = {{Dynamic Optimization of Human Walking}},
  journal = {Journal of Biomechanical Engineering},
  year = {2001},
  volume = {123},
  pages = {381},
  publisher = {ASME}
}

@CONFERENCE{Andronov1937,
  author = {Andronov, AA and Pontryagin, LS},
  title = {{Rough systems}},
  booktitle = {Doklady Academy Nauk SSSR},
  year = {1937},
  volume = {14},
  number = {5},
  pages = {247--250}
}

@ARTICLE{Arikan2002,
  author = {Arikan, Okan and Forsyth, D. A.},
  title = {Interactive motion generation from examples},
  journal = {ACM Trans. Graph.},
  year = {2002},
  volume = {21},
  pages = {483--490},
  number = {3},
  address = {New York, NY, USA},
  doi = {http://doi.acm.org/10.1145/566654.566606},
  issn = {0730-0301},
  publisher = {ACM}
}

@ARTICLE{Arikan2003,
  author = {Arikan, O. and Forsyth, D.A. and O'Brien, J.F.},
  title = {{Motion synthesis from annotations}},
  journal = {ACM Transactions on Graphics (TOG)},
  year = {2003},
  volume = {22},
  pages = {402--408},
  number = {3},
  publisher = {ACM New York, NY, USA}
}

@BOOK{Badler1993,
  title = {{Simulating humans: computer graphics animation and control}},
  publisher = {Oxford University Press, USA},
  year = {1993},
  author = {Badler, N.I. and Phillips, C.B. and Webber, B.L.}
}

@INPROCEEDINGS{Baraff1996,
  author = {Baraff, David},
  title = {Linear-time dynamics using Lagrange multipliers},
  booktitle = {SIGGRAPH '96: Proceedings of the 23rd annual conference on Computer
	graphics and interactive techniques},
  year = {1996},
  pages = {137--146},
  address = {New York, NY, USA},
  publisher = {ACM},
  doi = {http://doi.acm.org/10.1145/237170.237226},
  isbn = {0-89791-746-4}
}

@ARTICLE{Baraff1994,
  author = {Baraff, D.},
  title = {{Fast contact force computation for nonpenetrating rigid bodies}},
  year = {1994},
  pages = {23--34},
  booktitle = {Proceedings of the 21st annual conference on Computer graphics and
	interactive techniques},
  organization = {ACM New York, NY, USA}
}

@ARTICLE{Baraff1992,
  author = {Baraff, D.},
  title = {{Dynamic simulation of non-penetrating rigid bodies}},
  year = {1992},
  publisher = {Cornell University}
}

@ARTICLE{AthleteRobot,
  author = {Barreiro, T.B.S.J. and Chavez-Clemente, D. and SunSpiral, D.E.S.V.},
  title = {{ATHLETE¡¯s Feet: Multi-Resolution Planning for a Hexapod Robot}}
}

@BOOK{bernstein1967co,
  title = {{The co-ordination and regulation of movements}},
  publisher = {Pergamon Oxford, UK},
  year = {1967},
  author = {Bernstein, N.}
}

@ARTICLE{bizzi2002book,
  author = {Bizzi, E. and d’Avella, A. and Saltiel, P. and Tresch, M.},
  title = {Book Review: Modular Organization of Spinal Motor Systems},
  journal = {The Neuroscientist},
  year = {2002},
  volume = {8},
  pages = {437},
  number = {5},
  publisher = {SAGE Publications}
}

@ARTICLE{bizzi1995modular,
  author = {Bizzi, E. and Giszter, S.F. and Loeb, E. and Mussa-Ivaldi, F.A. and
	Saltiel, P.},
  title = {Modular organization of motor behavior in the frog's spinal cord},
  journal = {Trends in Neurosciences},
  year = {1995},
  volume = {18},
  pages = {442--446},
  number = {10},
  publisher = {Elsevier}
}

@ARTICLE{BrainMuscles,
  author = {Blickhan, R. and Wagner, H. and Seyfarth, A.},
  title = {{Brain or muscles?, Rec}},
  journal = {Res. Devel. Biomechanics},
  year = {2003},
  volume = {1},
  pages = {215--245}
}

@ARTICLE{bloch2001controlled,
  author = {Bloch, A.M. and Chang, D.E. and Leonard, N.E. and Marsden, J.E.},
  title = {Controlled Lagrangians and the stabilization of mechanical systems.
	II. Potential shaping},
  journal = {Automatic Control, IEEE Transactions on},
  year = {2001},
  volume = {46},
  pages = {1556--1571},
  number = {10},
  publisher = {IEEE}
}

@INPROCEEDINGS{bloch2000potential,
  author = {Bloch, A.M. and Chang, D.E. and Leonard, N.E. and Marsden, J.E.},
  title = {Potential and kinetic shaping for control of underactuated mechanical
	systems},
  booktitle = {American Control Conference, 2000. Proceedings of the 2000},
  year = {2000},
  volume = {6},
  pages = {3913--3917},
  organization = {IEEE}
}

@ARTICLE{bloch2000controlled,
  author = {Bloch, A.M. and Leonard, N.E. and Marsden, J.E.},
  title = {Controlled Lagrangians and the stabilization of mechanical systems.
	I. The first matching theorem},
  journal = {Automatic Control, IEEE Transactions on},
  year = {2000},
  volume = {45},
  pages = {2253--2270},
  number = {12},
  publisher = {IEEE}
}

@ARTICLE{boulic1996hierarchical,
  author = {Boulic, R. and Mas, R.},
  title = {{Hierarchical Kinematic Behaviors for Complex Articulated Figures}},
  journal = {In: Interactive Computer Animation},
  year = {1996}
}

@ARTICLE{FreeClimbingRobot,
  author = {Bretl, T.},
  title = {Motion Planning of Multi-Limbed Robots Subject to Equilibrium Constraints:
	The Free-Climbing Robot Problem},
  journal = {The International Journal of Robotics Research},
  year = {2006},
  volume = {25},
  pages = {317},
  number = {4},
  publisher = {Multimedia Archives}
}

@BOOK{brooks1999cie,
  title = {{Cambrian intelligence: The early history of the new AI}},
  publisher = {Mit Press},
  year = {1999},
  author = {Brooks, R.A.}
}

@ARTICLE{brooks1989robot,
  author = {Brooks, R.A.},
  title = {{A robot that walks; emergent behaviors from a carefully evolved
	network}},
  journal = {Neural Computation},
  year = {1989},
  volume = {1},
  pages = {253--262},
  number = {2},
  publisher = {MIT Press}
}

@ARTICLE{Bruderlin1995,
  author = {Bruderlin, Armin and Williams, Lance},
  title = {Motion signal processing},
  year = {1995},
  pages = {97--104},
  address = {New York, NY, USA},
  booktitle = {SIGGRAPH '95: Proceedings of the 22nd annual conference on Computer
	graphics and interactive techniques},
  doi = {http://doi.acm.org/10.1145/218380.218421},
  isbn = {0-89791-701-4},
  publisher = {ACM}
}

@CONFERENCE{bruderlin1995motion,
  author = {Bruderlin, A. and Williams, L.},
  title = {{Motion signal processing}},
  booktitle = {Proceedings of the 22nd annual conference on Computer graphics and
	interactive techniques},
  year = {1995},
  pages = {97--104},
  organization = {ACM New York, NY, USA}
}

@ARTICLE{fastandRobust,
  author = {Cham, J.G. and Bailey, S.A. and Clark, J.E. and others},
  title = {{Fast and robust: Hexapedal robots via shape deposition manufacturing}},
  journal = {The International Journal of Robotics Research},
  year = {2002},
  volume = {21},
  pages = {869},
  number = {10-11},
  publisher = {Multimedia Archives}
}

@ARTICLE{chen2007passive,
  author = {Chen, H. and others},
  title = {{Passive dynamic walking with knees: A point foot model}},
  year = {2007},
  publisher = {Massachusetts Institute of Technology}
}

@MASTERSTHESIS{Chen2007,
  author = {Vanessa F. Hsu Chen},
  title = {{Passive dynamic walking with knees: A point foot model}},
  school = {Massachusetts Institute of Technology},
  year = {2007},
  __markedentry = {[fliu]},
  owner = {fliu},
  timestamp = {2011.05.24}
}

@ARTICLE{chevallereau2009asymptotically,
  author = {Chevallereau, C. and Grizzle, J.W. and Shih, C.L.},
  title = {{Asymptotically stable walking of a five-link underactuated 3-D bipedal
	robot}},
  journal = {Robotics, IEEE Transactions on},
  year = {2009},
  volume = {25},
  pages = {37--50},
  number = {1},
  issn = {1552-3098},
  publisher = {IEEE}
}

@ARTICLE{chiu2004content,
  author = {Chiu, C.Y. and Chao, S.P. and Wu, M.Y. and Yang, S.N. and Lin, H.C.},
  title = {{Content-based retrieval for human motion data}},
  journal = {Journal of Visual Communication and Image Representation},
  year = {2004},
  volume = {15},
  pages = {446--466},
  number = {3},
  publisher = {Elsevier}
}

@ARTICLE{DimensionReductionMuscle,
  author = {Cisek, P. and Drew, T. and Kalaska, JF},
  title = {{Dimensional reduction in sensorimotor systems: a framework for understanding
	muscle coordination of posture}},
  journal = {Computational Neuroscience: Theoretical Insights into Brain Function},
  year = {2007},
  pages = {299},
  publisher = {Elsevier Science}
}

@ARTICLE{Cohen1988,
  author = {Cohen, A.H.},
  title = {{Evolution of the vertebrate central pattern generator for locomotion}},
  journal = {Neural control of rhythmic movements in vertebrates},
  year = {1988},
  pages = {129--166}
}

@ARTICLE{Cohen1988a,
  author = {Cohen, A. H.},
  title = {Evolution of the vertebrate central pattern generator for locomotion},
  journal = {Neural control of rhythmic movements in vertebrates},
  year = {1988},
  pages = {129--166},
  __markedentry = {[fliu]},
  owner = {fliu},
  timestamp = {2011.05.24}
}

@INPROCEEDINGS{Cohen1992,
  author = {Michael F. Cohen},
  title = {Interactive spacetime control for animation},
  booktitle = {SIGGRAPH '92: Proceedings of the 19th annual conference on Computer
	graphics and interactive techniques},
  year = {1992},
  pages = {293--302},
  address = {New York, NY, USA},
  publisher = {ACM},
  doi = {http://doi.acm.org/10.1145/133994.134083},
  isbn = {0-89791-479-1}
}

@ARTICLE{Collins2009,
  author = {Collins, S.H. and Adamczyk, P.G. and Kuo, A.D.},
  title = {{Dynamic arm swinging in human walking}},
  journal = {Proceedings of the Royal Society B: Biological Sciences},
  year = {2009},
  volume = {276},
  pages = {3679},
  number = {1673},
  publisher = {The Royal Society}
}

@ARTICLE{Collins2005,
  author = {Collins, S. and Ruina, A. and Tedrake, R. and Wisse, M.},
  title = {Efficient bipedal robots based on passive-dynamic walkers},
  journal = {Science},
  year = {2005},
  volume = {307},
  pages = {1082},
  number = {5712},
  publisher = {American Association for the Advancement of Science}
}

@ARTICLE{coros2010generalized,
  author = {Coros, S. and Beaudoin, P. and van de Panne, M.},
  title = {Generalized biped walking control},
  journal = {ACM Transactions on Graphics (TOG)},
  year = {2010},
  volume = {29},
  pages = {130},
  number = {4},
  publisher = {ACM}
}

@INPROCEEDINGS{Coros2009,
  author = {Coros, Stelian and Beaudoin, Philippe and van de Panne, Michiel},
  title = {Robust task-based control policies for physics-based characters},
  booktitle = {SIGGRAPH Asia '09: ACM SIGGRAPH Asia 2009 papers},
  year = {2009},
  pages = {1--9},
  address = {New York, NY, USA},
  publisher = {ACM},
  doi = {http://doi.acm.org/10.1145/1661412.1618516},
  isbn = {978-1-60558-858-2},
  location = {Yokohama, Japan}
}

@ARTICLE{Degallier2010,
  author = {Degallier, Sarah and Ijspeert, Auke},
  title = {Modeling discrete and rhythmic movements through motor primitives:
	a review},
  journal = {Biol. Cybern.},
  year = {2010},
  volume = {103},
  pages = {319--338},
  month = {October},
  __markedentry = {[fliu]},
  issue = {4},
  mynote = {All motion is periodic},
  owner = {fliu},
  publisher = {Springer-Verlag New York, Inc.},
  timestamp = {2011.05.24}
}

@ARTICLE{Delp1995,
  author = {Delp, S.L. and Loan, J.P.},
  title = {{A graphics-based software system to develop and analyze models of
	musculoskeletal structures}},
  journal = {Computers in Biology and Medicine},
  year = {1995},
  volume = {25},
  pages = {21--34},
  number = {1},
  publisher = {Elsevier}
}

@ARTICLE{dickinson2000animals,
  author = {Dickinson, M.H. and Farley, C.T. and others},
  title = {How animals move: an integrative view},
  journal = {Science},
  year = {2000},
  volume = {288},
  pages = {100},
  number = {5463},
  publisher = {American Association for the Advancement of Science}
}

@ARTICLE{2linkGrasping,
  author = {Dollar, A.M. and Howe, R.D.},
  title = {{Towards grasping in unstructured environments: Grasper compliance
	and configuration optimization}},
  journal = {Advanced Robotics},
  year = {2005},
  volume = {19},
  pages = {523--544},
  number = {5},
  publisher = {Utrecht, Netherlands: VNU Science Press, 1986-}
}

@INPROCEEDINGS{Endo2004,
  author = {Endo, G. and Morimoto, J. and Nakanishi, J. and Cheng, G.},
  title = {An empirical exploration of a neural oscillator for biped locomotion
	control},
  booktitle = {IEEE International Conference on Robotics and Automation},
  year = {2004},
  volume = {3},
  pages = {3036--3042},
  __markedentry = {[fliu]},
  owner = {fliu},
  timestamp = {2011.05.24}
}

@CONFERENCE{faloutsos2001composable,
  author = {Faloutsos, P. and van de Panne, M. and Terzopoulos, D.},
  title = {{Composable controllers for physics-based character animation}},
  booktitle = {Proceedings of the 28th annual conference on Computer graphics and
	interactive techniques},
  year = {2001},
  pages = {251--260},
  organization = {ACM New York, NY, USA}
}

@ARTICLE{feldman1986ome,
  author = {Feldman, AG},
  title = {{Once more on the equilibrium-point hypothesis($\lambda$ model) for
	motor control}},
  journal = {Journal of motor behavior},
  year = {1986},
  volume = {18},
  pages = {17--54},
  number = {1},
  publisher = {Heldref}
}

@ARTICLE{flash2007affine,
  author = {Flash, T. and Handzel, A.A.},
  title = {{Affine differential geometry analysis of human arm movements}},
  journal = {Biological cybernetics},
  year = {2007},
  volume = {96},
  pages = {577--601},
  number = {6},
  issn = {0340-1200},
  publisher = {Springer}
}

@ARTICLE{Franklin2007,
  author = {Franklin, D.W. and Liaw, G. and Milner, T.E. and Osu, R. and Burdet,
	E. and Kawato, M.},
  title = {{Endpoint stiffness of the arm is directionally tuned to instability
	in the environment}},
  journal = {Journal of Neuroscience},
  year = {2007},
  volume = {27},
  pages = {7705},
  number = {29},
  publisher = {Soc Neuroscience}
}

@ARTICLE{fukuoka2003adaptive,
  author = {Fukuoka, Y. and Kimura, H. and Cohen, A.H.},
  title = {Adaptive dynamic walking of a quadruped robot on irregular terrain
	based on biological concepts},
  journal = {The International Journal of Robotics Research},
  year = {2003},
  volume = {22},
  pages = {187},
  number = {3-4},
  publisher = {SAGE Publications}
}

@ARTICLE{futakataentrainment,
  author = {Futakata, Y. and Iwasaki, T.},
  title = {Entrainment to natural oscillations via uncoupled central pattern
	generators},
  journal = {Automatic Control, IEEE Transactions on},
  pages = {1--1},
  number = {99},
  publisher = {IEEE}
}

@ARTICLE{gallese1996action,
  author = {Gallese, V. and Fadiga, L. and Fogassi, L. and Rizzolatti, G.},
  title = {Action recognition in the premotor cortex},
  journal = {Brain},
  year = {1996},
  volume = {119},
  pages = {593},
  number = {2},
  publisher = {Oxford Univ Press}
}

@ARTICLE{gelfand1966mmm,
  author = {Gelfand, IM and Tsetlin, ML},
  title = {{On mathematical modeling of the mechanisms of the central nervous
	system}},
  journal = {Models of the structural-functional organization of certain biological
	systems},
  year = {1966},
  pages = {9--26}
}

@ARTICLE{Gleicher1998a,
  author = {Gleicher, M.},
  title = {{Retargetting motion to new characters}},
  year = {1998},
  pages = {33--42},
  booktitle = {Proceedings of the 25th annual conference on Computer graphics and
	interactive techniques},
  organization = {ACM New York, NY, USA}
}

@ARTICLE{Gleicher1997,
  author = {Gleicher, M.},
  title = {{Motion editing with spacetime constraints}},
  year = {1997},
  booktitle = {Proceedings of the 1997 symposium on Interactive 3D graphics},
  organization = {ACM New York, NY, USA}
}

@ARTICLE{Gleicher1998,
  author = {Gleicher, M. and Litwinowicz, P.},
  title = {{Constraint-based motion adaptation}},
  journal = {The Journal of Visualization and Computer Animation},
  year = {1998},
  volume = {9},
  pages = {65--94},
  number = {2},
  publisher = {John Wiley \& Sons, Ltd Chichester}
}

@BOOK{Glynn2003,
  title = {{An anatomy of thought: The origin and machinery of the mind}},
  publisher = {Oxford University Press, USA},
  year = {2003},
  author = {Glynn, I.}
}

@BOOK{Goldstein2002,
  title = {{Classical mechanics}},
  year = {2002},
  author = {Goldstein, H. and Poole, C. and Safko, J. and Addison, S.R.},
  volume = {70},
  pages = {782},
  journal = {American Journal of Physics}
}

@BOOK{Gonz'alez-Miranda2004,
  title = {{Synchronization and control of chaos: an introduction for scientists
	and engineers}},
  publisher = {Imperial College Pr},
  year = {2004},
  author = {Gonz{\'a}lez-Miranda, J.M.}
}

@ARTICLE{grizzle2001asymptotically,
  author = {Grizzle, J.W. and Abba, G. and Plestan, F.},
  title = {{Asymptotically stable walking for biped robots: Analysis via systems
	with impulse effects}},
  journal = {Automatic Control, IEEE Transactions on},
  year = {2001},
  volume = {46},
  pages = {51--64},
  number = {1},
  issn = {0018-9286},
  publisher = {IEEE}
}

@ARTICLE{EfficientSymbolicDiffrentiation,
  author = {Guenter, B.},
  title = {{Efficient symbolic differentiation for graphics applications}},
  journal = {ACM Transactions on Graphics (TOG)},
  year = {2007},
  volume = {26},
  number = {3},
  publisher = {ACM Press New York, NY, USA}
}

@ARTICLE{handzel1999geometric,
  author = {Handzel, A.A. and Flash, T.},
  title = {{Geometric methods in the study of human motor control}},
  journal = {????},
  year = {1999},
  volume = {6},
  pages = {309--321},
  number = {3},
  issn = {1341-7924},
  publisher = {J-STAGE}
}

@INPROCEEDINGS{Hodgins1995,
  author = {Jessica K. Hodgins and Wayne L. Wooten and David C. Brogan and James
	F. O'Brien},
  title = {Animating human athletics},
  booktitle = {SIGGRAPH '95: Proceedings of the 22nd annual conference on Computer
	graphics and interactive techniques},
  year = {1995},
  pages = {71--78},
  address = {New York, NY, USA},
  publisher = {ACM},
  doi = {http://doi.acm.org/10.1145/218380.218414},
  isbn = {0-89791-701-4}
}

@INPROCEEDINGS{Hodgins1995a,
  author = {Jessica K. Hodgins and Wayne L. Wooten and David C. Brogan and James
	F. O'Brien},
  title = {Animating human athletics},
  booktitle = {ACM SIGGRAPH 95},
  year = {1995},
  pages = {71--78},
  address = {New York, NY, USA},
  organization = {ACM},
  __markedentry = {[fliu]},
  doi = {http://doi.acm.org/10.1145/218380.218414},
  isbn = {0-89791-701-4},
  owner = {fliu},
  timestamp = {2011.05.24}
}

@ARTICLE{hogan1985ica,
  author = {Hogan, N.},
  title = {{Impedance control-An approach to manipulation. I-Theory. II-Implementation.
	III-Applications}},
  journal = {ASME, Transactions, Journal of Dynamic Systems, Measurement, and
	Control (ISSN 0022-0434)},
  year = {1985},
  volume = {107}
}

@ARTICLE{HSU1980,
  author = {HSU, CS},
  title = {{A theory of cell-to-cell mapping dynamical systems}},
  journal = {ASME, Transactions, Journal of Applied Mechanics},
  year = {1980},
  volume = {47},
  pages = {931--939}
}

@ARTICLE{SenseBodyDynamics,
  author = {Iida, F. and Pfeifer, R.},
  title = {{Sensing through body dynamics}},
  journal = {Robotics and Autonomous Systems},
  year = {2006},
  volume = {54},
  pages = {631--640},
  number = {8}
}

@INPROCEEDINGS{performanceInterface,
  author = {Ishigaki, Satoru and White, Timothy and Zordan, Victor B. and Liu,
	C. Karen},
  title = {Performance-based control interface for character animation},
  booktitle = {SIGGRAPH '09: ACM SIGGRAPH 2009 papers},
  year = {2009},
  pages = {1--8},
  address = {New York, NY, USA},
  publisher = {ACM},
  doi = {http://doi.acm.org/10.1145/1576246.1531367},
  isbn = {978-1-60558-726-4},
  location = {New Orleans, Louisiana}
}

@ARTICLE{Jain2009,
  author = {Jain, Sumit and Ye, Yuting and Liu, C. Karen},
  title = {Optimization-based interactive motion synthesis},
  journal = {ACM Trans. Graph.},
  year = {2009},
  volume = {28},
  pages = {1--12},
  number = {1},
  address = {New York, NY, USA},
  doi = {http://doi.acm.org/10.1145/1477926.1477936},
  issn = {0730-0301},
  publisher = {ACM}
}

@BOOK{Jonckheere1997,
  title = {{Algebraic and differential topology of robust stability}},
  publisher = {Oxford University Press, USA},
  year = {1997},
  author = {Jonckheere, E.A.}
}

@INPROCEEDINGS{keogh2004indexing,
  author = {Keogh, E. and Palpanas, T. and Zordan, V.B. and Gunopulos, D. and
	Cardle, M.},
  title = {Indexing large human-motion databases},
  booktitle = {Proceedings of the Thirtieth international conference on Very large
	data bases-Volume 30},
  year = {2004},
  pages = {780--791},
  organization = {VLDB Endowment}
}

@BOOK{khalil2002nonlinear,
  title = {Nonlinear systems},
  publisher = {Prentice hall Upper Saddle River, NJ},
  year = {2002},
  author = {Khalil, H.K. and Grizzle, JW},
  volume = {122}
}

@ARTICLE{koditschek1999templates,
  author = {Koditschek, D.E.},
  title = {Templates and anchors: neuromechanical hypotheses of legged locomotion
	on land},
  journal = {Journal of Experimental Biology},
  year = {1999},
  volume = {202},
  pages = {3325},
  number = {23},
  publisher = {Company of Biologists}
}

@ARTICLE{komura2000car,
  author = {Komura, T. and Shinagawa, Y. and Kunii, T.L.},
  title = {{Creating and retargetting motion by the musculoskeletal human body
	model}},
  journal = {The Visual Computer},
  year = {2000},
  volume = {16},
  pages = {254--270},
  number = {5},
  publisher = {Springer}
}

@ARTICLE{kovar2004automated,
  author = {Kovar, L. and Gleicher, M.},
  title = {{Automated extraction and parameterization of motions in large data
	sets}},
  journal = {ACM Transactions on Graphics (TOG)},
  year = {2004},
  volume = {23},
  pages = {559--568},
  number = {3},
  publisher = {ACM New York, NY, USA}
}

@INPROCEEDINGS{kovar2003flexible,
  author = {Kovar, L. and Gleicher, M.},
  title = {Flexible automatic motion blending with registration curves},
  booktitle = {Proceedings of the 2003 ACM SIGGRAPH/Eurographics symposium on Computer
	animation},
  year = {2003},
  pages = {214--224},
  organization = {Eurographics Association}
}

@ARTICLE{kovar2008motion,
  author = {Kovar, L. and Gleicher, M. and Pighin, F.},
  title = {{Motion graphs}},
  year = {2008},
  booktitle = {International Conference on Computer Graphics and Interactive Techniques},
  organization = {ACM New York, NY, USA}
}

@ARTICLE{kuo1999stabilization,
  author = {Kuo, A.D.},
  title = {Stabilization of lateral motion in passive dynamic walking},
  journal = {The International Journal of Robotics Research},
  year = {1999},
  volume = {18},
  pages = {917},
  number = {9},
  publisher = {Sage Publications}
}

@ARTICLE{de2010feature,
  author = {de Lasa, M. and Mordatch, I. and Hertzmann, A.},
  title = {Feature-based locomotion controllers},
  journal = {ACM Transactions on Graphics (TOG)},
  year = {2010},
  volume = {29},
  pages = {131},
  number = {4},
  publisher = {ACM}
}

@INPROCEEDINGS{Laszlo1996a,
  author = {Laszlo, Joseph and van de Panne, Michiel and Fiu Eugene},
  title = {Limit cycle control and its application to the animation of balancing
	and walking},
  booktitle = {Proceedings of the 23rd annual conference on Computer graphics and
	interactive techniques},
  year = {1996},
  series = {ACM SIGGRAPH 96},
  pages = {155--162},
  address = {New York, NY, USA},
  organization = {ACM},
  __markedentry = {[fliu]},
  isbn = {0-89791-746-4},
  keywords = {control, human animation, limit cycles, locomotion, physically-based
	modeling},
  numpages = {8},
  owner = {fliu},
  timestamp = {2011.05.24}
}

@INPROCEEDINGS{Laszlo1996,
  author = {Laszlo, Joseph and van de Panne, Michiel and Fiume, Eugene},
  title = {Limit cycle control and its application to the animation of balancing
	and walking},
  booktitle = {SIGGRAPH '96: Proceedings of the 23rd annual conference on Computer
	graphics and interactive techniques},
  year = {1996},
  pages = {155--162},
  address = {New York, NY, USA},
  publisher = {ACM},
  doi = {http://doi.acm.org/10.1145/237170.237231},
  isbn = {0-89791-746-4}
}

@BOOK{latash2008neurophysiological,
  title = {{Neurophysiological basis of movement}},
  publisher = {Human Kinetics Publishers},
  year = {2008},
  editor = {Judy Patterson Wright.PhD},
  author = {Latash, M.L.}
}

@BOOK{Latash2008,
  title = {Neurophysiological basis of movement},
  publisher = {Human Kinetics Publishers},
  year = {2008},
  author = {Latash, M.L.},
  __markedentry = {[fliu]},
  editora = {Judy Patterson Wright},
  owner = {fliu},
  timestamp = {2011.05.24}
}

@INPROCEEDINGS{Lee2008,
  author = {Lee, Sung-Hee and Terzopoulos, Demetri},
  title = {Spline joints for multibody dynamics},
  booktitle = {SIGGRAPH '08: ACM SIGGRAPH 2008 papers},
  year = {2008},
  pages = {1--8},
  address = {New York, NY, USA},
  publisher = {ACM},
  doi = {http://doi.acm.org/10.1145/1399504.1360621},
  location = {Los Angeles, California}
}

@ARTICLE{Lee2006,
  author = {Lee,, Sung-Hee and Terzopoulos,, Demetri},
  title = {Heads up!: biomechanical modeling and neuromuscular control of the
	neck},
  journal = {ACM Trans. Graph.},
  year = {2006},
  volume = {25},
  pages = {1188--1198},
  number = {3},
  address = {New York, NY, USA},
  doi = {http://doi.acm.org/10.1145/1141911.1142013},
  issn = {0730-0301},
  publisher = {ACM}
}

@ARTICLE{lee2010data,
  author = {Lee, Y. and Kim, S. and Lee, J.},
  title = {Data-driven biped control},
  journal = {ACM Transactions on Graphics (TOG)},
  year = {2010},
  volume = {29},
  pages = {129},
  number = {4},
  publisher = {ACM}
}

@INPROCEEDINGS{lee2010motion,
  author = {Lee, Y. and Wampler, K. and Bernstein, G. and Popovi{\'c}, J. and
	Popovi{\'c}, Z.},
  title = {Motion fields for interactive character locomotion},
  booktitle = {ACM Transactions on Graphics (TOG)},
  year = {2010},
  volume = {29},
  number = {6},
  pages = {138},
  organization = {ACM}
}

@ARTICLE{levine2011space,
  author = {Levine, S. and Lee, Y. and Koltun, V. and Popovi{\'c}, Z.},
  title = {Space-time planning with parameterized locomotion controllers},
  journal = {ACM Transactions on Graphics (TOG)},
  year = {2011},
  volume = {30},
  pages = {23},
  number = {3},
  publisher = {ACM}
}

@ARTICLE{Li2002,
  author = {Li, Yan and Wang, Tianshu and Shum, Heung-Yeung},
  title = {Motion texture: a two-level statistical model for character motion
	synthesis},
  year = {2002},
  pages = {465--472},
  address = {New York, NY, USA},
  booktitle = {SIGGRAPH '02: Proceedings of the 29th annual conference on Computer
	graphics and interactive techniques},
  doi = {http://doi.acm.org/10.1145/566570.566604},
  isbn = {1-58113-521-1},
  location = {San Antonio, Texas},
  publisher = {ACM}
}

@INPROCEEDINGS{Liu2009,
  author = {Liu, C. Karen},
  title = {Dextrous manipulation from a grasping pose},
  booktitle = {SIGGRAPH '09: ACM SIGGRAPH 2009 papers},
  year = {2009},
  pages = {1--6},
  address = {New York, NY, USA},
  publisher = {ACM},
  doi = {http://doi.acm.org/10.1145/1576246.1531365},
  isbn = {978-1-60558-726-4},
  location = {New Orleans, Louisiana}
}

@INPROCEEDINGS{Liu2009a,
  author = {Liu, C. Karen},
  title = {Dextrous manipulation from a grasping pose},
  booktitle = {ACM SIGGRAPH 2009},
  year = {2009},
  pages = {1--6},
  address = {New York, NY, USA},
  organization = {ACM},
  __markedentry = {[fliu]},
  doi = {http://doi.acm.org/10.1145/1576246.1531365},
  isbn = {978-1-60558-726-4},
  location = {New Orleans, Louisiana},
  owner = {fliu},
  timestamp = {2011.05.24}
}

@PHDTHESIS{Liu2005,
  author = {Liu, Cheng-Yun Karen},
  title = {Towards a generative model of natural motion},
  year = {2005},
  address = {Seattle, WA, USA},
  note = {Chair-Popovic, Zoran},
  isbn = {0-542-24634-1},
  order_no = {AAI3183384},
  publisher = {University of Washington}
}

@ARTICLE{liu2010sampling,
  author = {Liu, L. and Yin, K.K. and van de Panne, M. and Shao, T. and Xu, W.},
  title = {Sampling-based contact-rich motion control},
  journal = {ACM Transactions on Graphics (TOG)},
  year = {2010},
  volume = {29},
  pages = {128},
  number = {4},
  publisher = {ACM}
}

@INPROCEEDINGS{Liu1994,
  author = {Zicheng Liu and Steven J. Gortler and Michael F. Cohen},
  title = {Hierarchical spacetime control},
  booktitle = {SIGGRAPH '94: Proceedings of the 21st annual conference on Computer
	graphics and interactive techniques},
  year = {1994},
  pages = {35--42},
  address = {New York, NY, USA},
  publisher = {ACM},
  doi = {http://doi.acm.org/10.1145/192161.192169},
  isbn = {0-89791-667-0}
}

@INPROCEEDINGS{RobustAnnotation,
  author = {M\"{u}ller, Meinard and Baak, Andreas and Seidel, Hans-Peter},
  title = {Efficient and robust annotation of motion capture data},
  booktitle = {SCA '09: Proceedings of the 2009 ACM SIGGRAPH/Eurographics Symposium
	on Computer Animation},
  year = {2009},
  pages = {17--26},
  address = {New York, NY, USA},
  publisher = {ACM},
  doi = {http://doi.acm.org/10.1145/1599470.1599473},
  isbn = {978-1-60558-610-6},
  location = {New Orleans, Louisiana}
}

@INPROCEEDINGS{muller2005efficient,
  author = {M\"{u}ller, M. and R\"{o}der, T. and Clausen, M.},
  title = {Efficient content-based retrieval of motion capture data},
  booktitle = {ACM Transactions on Graphics (TOG)},
  year = {2005},
  volume = {24},
  number = {3},
  pages = {677--685},
  organization = {ACM}
}

@INPROCEEDINGS{BalanceControl,
  author = {Macchietto, Adriano and Zordan, Victor and Shelton, Christian R.},
  title = {Momentum control for balance},
  booktitle = {SIGGRAPH '09: ACM SIGGRAPH 2009 papers},
  year = {2009},
  pages = {1--8},
  address = {New York, NY, USA},
  publisher = {ACM},
  doi = {http://doi.acm.org/10.1145/1576246.1531386},
  isbn = {978-1-60558-726-4},
  location = {New Orleans, Louisiana}
}

@INPROCEEDINGS{Macchietto2009,
  author = {Macchietto, Adriano and Zordan, Victor and Shelton, Christian R.},
  title = {Momentum control for balance},
  booktitle = {ACM SIGGRAPH 2009},
  year = {2009},
  pages = {1--8},
  address = {New York, NY, USA},
  organization = {ACM},
  __markedentry = {[fliu]},
  doi = {http://doi.acm.org/10.1145/1576246.1531386},
  isbn = {978-1-60558-726-4},
  location = {New Orleans, Louisiana},
  owner = {fliu},
  timestamp = {2011.05.24}
}

@BOOK{Marsden1999,
  title = {Introduction to mechanics and symmetry},
  publisher = {Springer},
  year = {1999},
  author = {Marsden, J.E. and Ratiu, T.S.},
  volume = {17},
  __markedentry = {[fliu]},
  owner = {fliu},
  timestamp = {2011.05.24}
}

@BOOK{marsden1999introduction,
  title = {{Introduction to mechanics and symmetry}},
  publisher = {Citeseer},
  year = {1999},
  author = {Marsden, J.E. and Ratiu, T.S.},
  volume = {17}
}

@ARTICLE{Matsuoka1987,
  author = {Matsuoka, K.},
  title = {{Mechanisms of frequency and pattern control in the neural rhythm
	generators}},
  journal = {Biological Cybernetics},
  year = {1987},
  volume = {56},
  pages = {345--353},
  number = {5},
  publisher = {Springer}
}

@ARTICLE{Matsuoka1985,
  author = {K. Matsuoka},
  title = {Sustained oscillations generated by mutually inhibiting neurons with
	adaptation},
  journal = {Biological Cybernetics},
  year = {1985},
  volume = {52},
  pages = {345--353},
  number = {1},
  __markedentry = {[fliu]},
  owner = {fliu},
  timestamp = {2011.05.24}
}

@ARTICLE{neurooscillation,
  author = {Matsuoka, K.},
  title = {{Sustained oscillations generated by mutually inhibiting neurons
	with adaptation}},
  journal = {Biological Cybernetics},
  year = {1985},
  volume = {52},
  pages = {367--376},
  number = {6},
  publisher = {Springer}
}

@ARTICLE{McGeer1990,
  author = {McGeer, T.},
  title = {{Passive dynamic walking}},
  journal = {The International Journal of Robotics Research},
  year = {1990},
  volume = {9},
  pages = {62},
  number = {2},
  publisher = {Multimedia Archives}
}

@CONFERENCE{McGeer1990a,
  author = {McGeer, T.},
  title = {{Passive walking with knees}},
  booktitle = {Proceedings of the IEEE Conference on Robotics and Automation},
  year = {1990},
  volume = {2},
  pages = {1640--1645},
  organization = {Piscataway, NJ, USA: IEEE}
}

@PHDTHESIS{melli2008hierarchy,
  author = {Melli, J.B.},
  title = {{A hierarchy of models for the control of fish-like locomotion}},
  school = {Princeton University},
  year = {2008}
}

@BOOK{minsky1988society,
  title = {{The society of mind}},
  publisher = {Simon \& Schuster},
  year = {1988},
  author = {Minsky, M.}
}

@PHDTHESIS{Mirtich1996,
  author = {Mirtich, B.V.},
  title = {{Impulse-based dynamic simulation of rigid body systems}},
  school = {UNIVERSITY of CALIFORNIA},
  year = {1996}
}

@ARTICLE{mordatch2010robust,
  author = {Mordatch, I. and de Lasa, M. and Hertzmann, A.},
  title = {Robust physics-based locomotion using low-dimensional planning},
  journal = {ACM Transactions on Graphics (TOG)},
  year = {2010},
  volume = {29},
  pages = {71},
  number = {4},
  publisher = {ACM}
}

@INPROCEEDINGS{Muico2009,
  author = {Muico, Uldarico and Lee, Yongjoon and Popovi\'{c}, Jovan and Popovi\'{c},
	Zoran},
  title = {Contact-aware nonlinear control of dynamic characters},
  booktitle = {SIGGRAPH '09: ACM SIGGRAPH 2009 papers},
  year = {2009},
  pages = {1--9},
  address = {New York, NY, USA},
  publisher = {ACM},
  doi = {http://doi.acm.org/10.1145/1576246.1531387},
  isbn = {978-1-60558-726-4},
  location = {New Orleans, Louisiana}
}

@ARTICLE{Nash1950,
  author = {Nash, J.F.},
  title = {{Equilibrium points in n-person games}},
  journal = {Proceedings of the National Academy of Sciences of the United States
	of America},
  year = {1950},
  pages = {48--49},
  publisher = {National Academy of Sciences of the United States of America}
}

@CONFERENCE{Neff2002,
  author = {Neff, M. and Fiume, E.},
  title = {{Modeling tension and relaxation for computer animation}},
  booktitle = {Proceedings of the 2002 ACM SIGGRAPH/Eurographics symposium on Computer
	animation},
  year = {2002},
  pages = {81--88},
  organization = {ACM New York, NY, USA}
}

@PHDTHESIS{Ng-Thow-Hing2001,
  author = {Ng-Thow-Hing, V.},
  title = {{Anatomically-based models for physical and geometric reconstruction
	of humans and other animals}},
  year = {2001},
  publisher = {University of Toronto Toronto, Ont., Canada, Canada}
}

@ARTICLE{Nishikawa2007,
  author = {Nishikawa, K. and Biewener, A.A. and Aerts, P. and Ahn, A.N. and
	Chiel, H.J. and Daley, M.A. and Daniel, T.L. and others},
  title = {{Neuromechanics: an integrative approach for understanding motor
	control}},
  journal = {Integrative and Comparative Biology},
  year = {2007},
  volume = {47},
  pages = {16--54},
  number = {1},
  __markedentry = {[fliu]},
  owner = {fliu},
  publisher = {Soc Integ Comp Biol},
  timestamp = {2011.05.24}
}

@ARTICLE{nishikawa2007neuromechanics,
  author = {Nishikawa, K. and Biewener, A.A. and Aerts, P. and Ahn, A.N. and
	Chiel, H.J. and Daley, M.A. and Daniel, T.L. and others},
  title = {{Neuromechanics: an integrative approach for understanding motor
	control}},
  journal = {Integrative and Comparative Biology},
  year = {2007},
  publisher = {Soc Integ Comp Biol}
}

@BOOK{olver1986applications,
  title = {{Applications of Lie groups to differential equations}},
  publisher = {Springer-Verlag},
  year = {1986},
  author = {Olver, P.J. and Olver, P.J. and Olver, P.J. and Olver, P.J. and Mathematician,
	G.B.},
  volume = {107}
}

@TECHREPORT{Ostrowski1995,
  author = {Ostrowski, J.P.},
  title = {{The mechanics and control of undulatory robotic locomotion}},
  institution = {California Institute of Technology, Pasadena CA},
  year = {1995},
  __markedentry = {[fliu]},
  owner = {fliu},
  timestamp = {2011.05.24}
}

@ARTICLE{ostrowski1995mechanics,
  author = {Ostrowski, J.P.},
  title = {{The mechanics and control of undulatory robotic locomotion}},
  journal = {California Institute of Technology, Pasadena CA},
  year = {1995}
}

@ARTICLE{Ott1990,
  author = {Ott, Edward and Grebogi, Celso and Yorke, James A.},
  title = {Controlling chaos},
  journal = {Phys. Rev. Lett.},
  year = {1990},
  volume = {64},
  pages = {1196--1199},
  number = {11},
  month = {Mar},
  doi = {10.1103/PhysRevLett.64.1196},
  numpages = {3},
  publisher = {American Physical Society}
}

@BOOK{Parent2002,
  title = {{Computer animation: algorithms and techniques}},
  publisher = {Morgan Kaufmann Pub},
  year = {2002},
  author = {Parent, R.}
}

@ARTICLE{Pfeifer2005,
  author = {Pfeifer, R. and Iida, F.},
  title = {{Morphological computation: Connecting body, brain and environment}},
  journal = {Japanese Scientific Monthly},
  year = {2005},
  volume = {58},
  pages = {48--54},
  number = {2}
}

@ARTICLE{Poggio2004,
  author = {Poggio, T. and Bizzi, E.},
  title = {{Generalization in vision and motor control}},
  journal = {Nature},
  year = {2004},
  volume = {431},
  pages = {768--774},
  __markedentry = {[fliu]},
  mynote = {Motion Primitive memory},
  owner = {fliu},
  publisher = {{NPG}},
  timestamp = {2011.05.24}
}

@ARTICLE{Poincar'e1885,
  author = {Poincar{\'e}, H.},
  title = {{Sur les courbes d{\'e}finies par les {\'e}quations diff{\'e}rentielles}},
  journal = {J. Math Pures et Appl.(4. s{\'e}rie)},
  year = {1885},
  volume = {1},
  pages = {167--244}
}

@ARTICLE{Poincar'e1899,
  author = {Poincar{\'e}, H. and Magini, R.},
  title = {{Les m{\'e}thodes nouvelles de la m{\'e}canique c{\'e}leste}},
  journal = {Il Nuovo Cimento (1895-1900)},
  year = {1899},
  volume = {10},
  pages = {128--130},
  number = {1},
  publisher = {Springer}
}

@INPROCEEDINGS{Pollard2005,
  author = {Pollard, Nancy S. and Zordan, Victor Brian},
  title = {Physically based grasping control from example},
  booktitle = {SCA '05: Proceedings of the 2005 ACM SIGGRAPH/Eurographics symposium
	on Computer animation},
  year = {2005},
  pages = {311--318},
  address = {New York, NY, USA},
  publisher = {ACM},
  doi = {http://doi.acm.org/10.1145/1073368.1073413},
  isbn = {1-7695-2270-X},
  location = {Los Angeles, California}
}

@INPROCEEDINGS{Popovi'c1999,
  author = {Popovi\'{c}, Zoran and Witkin, Andrew},
  title = {Physically based motion transformation},
  booktitle = {SIGGRAPH '99: Proceedings of the 26th annual conference on Computer
	graphics and interactive techniques},
  year = {1999},
  pages = {11--20},
  address = {New York, NY, USA},
  publisher = {ACM Press/Addison-Wesley Publishing Co.},
  doi = {http://doi.acm.org/10.1145/311535.311536},
  isbn = {0-201-48560-5}
}

@PHDTHESIS{Popovic2001,
  author = {Popovic, J.},
  title = {{Interactive Design OF Rigid-Body Simulations FOR Computer Animation}},
  school = {Carnegie Mellon University},
  year = {2001}
}

@ARTICLE{popovic-physically,
  author = {Popovic, Z. and Witkin, A.},
  title = {{Physically based motion transformation}}
}

@BOOK{Press1992,
  title = {{Numerical recipes in C}},
  publisher = {Cambridge Univ. Press Cambridge MA, USA:},
  year = {1992},
  author = {Press, W.H. and Teukolsky, S.A. and Vetterling, W.T. and Flannery,
	B.P.}
}

@ARTICLE{pyragas1992continuous,
  author = {Pyragas, K.},
  title = {{Continuous control of chaos by self-controlling feedback}},
  journal = {Physics Letters A},
  year = {1992},
  volume = {170},
  pages = {421--428}
}

@ARTICLE{DNurbs,
  author = {Qin, H. and Terzopoulos, D.},
  title = {{D-NURBS: a physics-based framework for geometric design}},
  journal = {IEEE Transactions on Visualization and Computer Graphics},
  year = {1996},
  volume = {2},
  pages = {85--96},
  number = {1},
  publisher = {Institute of Electrical and Electronics Engineers, Inc, 445 Hoes
	Ln, Piscataway, NJ, 08854-1331, USA,}
}

@ARTICLE{Raibert1991,
  author = {Raibert, M.H. and Hodgins, J.K.},
  title = {{Animation of dynamic legged locomotion}},
  journal = {ACM SIGGRAPH Computer Graphics},
  year = {1991},
  volume = {25},
  pages = {349--358},
  number = {4},
  publisher = {ACM New York, NY, USA}
}

@BOOK{Raibert1986,
  title = {{Legged robots that balance}},
  publisher = {MIT press Cambridge, MA},
  year = {1986},
  author = {Raibert, M.H. and others}
}

@ARTICLE{ren2007pmh,
  author = {Ren, L. and Jones, R.K. and Howard, D.},
  title = {{Predictive modelling of human walking over a complete gait cycle}},
  journal = {Journal of Biomechanics},
  year = {2007},
  volume = {40},
  pages = {1567--1574},
  number = {7},
  publisher = {Elsevier}
}

@CONFERENCE{Reynolds1987,
  author = {Reynolds, C. W.},
  title = {{Flocks, Herds, and Schools: A Distributed Behavioral Model}},
  booktitle = {ACM SIGGRAPH 87, Computer Graphics (Conference Proceedings)},
  year = {1987},
  volume = {21},
  number = {4},
  pages = {25--34},
  __markedentry = {[fliu]},
  issn = {0191-2216},
  owner = {fliu},
  timestamp = {2011.05.24}
}

@CONFERENCE{DyAniSpline,
  author = {R{\'e}mion, Y. and Nourrit, J.M. and Gillard, D.},
  title = {{Dynamic animation of spline like objects}},
  booktitle = {Proceedings of the WSCG¡¯1999 Conference},
  year = {1999},
  pages = {426--432}
}

@ARTICLE{saranli2001rsa,
  author = {Saranli, U. and Buehler, M. and Koditschek, D.E.},
  title = {{RHex: A simple and highly mobile hexapod robot}},
  journal = {The International Journal of Robotics Research},
  year = {2001},
  volume = {20},
  pages = {616},
  number = {7},
  publisher = {Multimedia Archives}
}

@ARTICLE{schaal1999imitation,
  author = {Schaal, S.},
  title = {Is imitation learning the route to humanoid robots},
  journal = {Trends in cognitive sciences},
  year = {1999},
  volume = {3},
  pages = {233--242},
  number = {6},
  publisher = {Citeseer}
}

@BOOK{siegfried2006beautiful,
  title = {{A beautiful math: John Nash, game theory, and the modern quest for
	a code of nature}},
  publisher = {National Academies Press},
  year = {2006},
  author = {Siegfried, T.}
}

@ARTICLE{Silva2008,
  author = {da Silva, Marco and Abe, Yeuhi and Popovi\'{c}, Jovan},
  title = {Interactive simulation of stylized human locomotion},
  year = {2008},
  pages = {1--10},
  address = {New York, NY, USA},
  booktitle = {SIGGRAPH '08: ACM SIGGRAPH 2008 papers},
  doi = {http://doi.acm.org/10.1145/1399504.1360681},
  location = {Los Angeles, California},
  publisher = {ACM}
}

@ARTICLE{Silva2009,
  author = {da Silva, Marco and Durand, Fr\'{e}do and Popovi\'{c}, Jovan},
  title = {Linear Bellman combination for control of character animation},
  journal = {ACM Trans. Graph.},
  year = {2009},
  volume = {28},
  pages = {1--10},
  number = {3},
  address = {New York, NY, USA},
  doi = {http://doi.acm.org/10.1145/1531326.1531388},
  issn = {0730-0301},
  publisher = {ACM}
}

@ARTICLE{Sims,
  author = {Sims, K.},
  title = {{Evolving Virtual Creatures}}
}

@ARTICLE{Smale1970,
  author = {Smale, S.},
  title = {Differentiable dynamical systems},
  journal = {Uspekhi Matematicheskikh Nauk},
  year = {1970},
  volume = {25},
  pages = {113--185},
  number = {1},
  publisher = {Russian Academy of Sciences, Branch of Mathematical Sciences}
}

@ARTICLE{smith1998intelligent,
  author = {Smith, R.L.},
  title = {{Intelligent motion control with an artificial cerebellum}},
  year = {1998},
  publisher = {ResearchSpace@ Auckland},
  review = {very interesting. We share the same idea, the only difference is the
	control algorithm.}
}

@ARTICLE{Sok2007,
  author = {Sok, Kwang Won and Kim, Manmyung and Lee, Jehee},
  title = {Simulating biped behaviors from human motion data},
  journal = {ACM Trans. Graph.},
  year = {2007},
  volume = {26},
  pages = {107},
  number = {3},
  address = {New York, NY, USA},
  doi = {http://doi.acm.org/10.1145/1276377.1276511},
  issn = {0730-0301},
  publisher = {ACM}
}

@ARTICLE{Spong1998,
  author = {Spong, M.},
  title = {Underactuated mechanical systems},
  journal = {Control Problems in Robotics and Automation},
  year = {1998},
  pages = {135--150},
  publisher = {Springer}
}

@ARTICLE{spong1998underactuated,
  author = {Spong, M.},
  title = {Underactuated mechanical systems},
  journal = {Control Problems in Robotics and Automation},
  year = {1998},
  pages = {135--150},
  publisher = {Springer}
}

@ARTICLE{spong2005controlled,
  author = {Spong, M.W. and Bullo, F.},
  title = {{Controlled symmetries and passive walking}},
  journal = {Automatic Control, IEEE Transactions on},
  year = {2005},
  volume = {50},
  pages = {1025--1031},
  number = {7},
  issn = {0018-9286},
  publisher = {IEEE}
}

@INPROCEEDINGS{Spong96energybased,
  author = {Mark W. Spong},
  title = {Energy Based Control Of A Class Of Underactuated Mechanical Systems},
  booktitle = {IFAC World Congress},
  year = {1996},
  pages = {431--435}
}

@CONFERENCE{stephens2009modeling,
  author = {Stephens, B. and Atkeson, C.},
  title = {{Modeling and control of periodic humanoid balance using the linear
	biped model}},
  booktitle = {Humanoid Robots, 2009. Humanoids 2009. 9th IEEE-RAS International
	Conference on},
  year = {2009},
  pages = {379--384},
  organization = {IEEE}
}

@CONFERENCE{Stewart2000,
  author = {Stewart, D. and Trinkle, J.C.},
  title = {{An implicit time-stepping scheme for rigid body dynamics with coulomb
	friction}},
  booktitle = {IEEE International Conference on Robotics and Automation},
  year = {2000},
  volume = {1},
  pages = {162--169},
  organization = {IEEE; 1999}
}

@BOOK{WaveletForComputerGraphic,
  title = {{Wavelets for Computer Graphics: Theory and Applications}},
  publisher = {Morgan Kaufmann},
  year = {1996},
  author = {Stollnitz, E.J. and DeRose, T.D. and Salesin, D.H.}
}

@ARTICLE{Sueda2008,
  author = {Shinjiro Sueda and Andrew Kaufman and Dinesh K. Pai},
  title = {Musculotendon Simulation for Hand Animation},
  journal = {ACM Trans. Graph. (Proc. SIGGRAPH)},
  year = {2008},
  volume = {27},
  number = {3}
}

@ARTICLE{Sugihara2002,
  author = {Sugihara, T. and Nakamura, Y. and Inoue, H.},
  title = {{Realtime humanoid motion generation through zmp manipulation based
	on inverted pendulum control}},
  year = {2002},
  volume = {2},
  pages = {1404--1409},
  booktitle = {Proceedings- IEEE International Conference on Robotics and Automation},
  organization = {Citeseer}
}

@INPROCEEDINGS{AutoGaitGeneration,
  author = {Harold C. Sun and Dimitris N. Metaxas},
  title = {Automating gait generation},
  booktitle = {SIGGRAPH '01: Proceedings of the 28th annual conference on Computer
	graphics and interactive techniques},
  year = {2001},
  pages = {261--270},
  address = {New York, NY, USA},
  publisher = {ACM},
  doi = {http://doi.acm.org/10.1145/383259.383288},
  isbn = {1-58113-374-X}
}

@ARTICLE{taga1991self,
  author = {Taga, G. and Yamaguchi, Y. and Shimizu, H.},
  title = {{Self-organized control of bipedal locomotion by neural oscillators
	in unpredictable environment}},
  journal = {Biological Cybernetics},
  year = {1991},
  volume = {65},
  pages = {147--159},
  number = {3},
  issn = {0340-1200},
  publisher = {Springer}
}

@CONFERENCE{Tanco2000,
  author = {Tanco, L. M. and Hilton, A.},
  title = {Realistic synthesis of novel human movements from a database of motion
	capture examples},
  booktitle = {HUMO '00: Proceedings of the Workshop on Human Motion (HUMO'00)},
  year = {2000},
  pages = {137},
  address = {Washington, DC, USA},
  publisher = {IEEE Computer Society},
  isbn = {0-7695-0939-8}
}

@ARTICLE{Taylor2001,
  author = {Taylor, T. and Massey, C.},
  title = {{Recent developments in the evolution of morphologies and controllers
	for physically simulated creatures}},
  journal = {Artificial Life},
  year = {2001},
  volume = {7},
  pages = {77--87},
  number = {1},
  publisher = {MIT Press}
}

@PHDTHESIS{Tedrake2008,
  author = {Tedrake, R.L. and Hogan, N. and Byl, K.},
  title = {{Metastable legged-robot locomotion}},
  year = {2008},
  publisher = {Massachusetts Institute of Technology}
}

@ARTICLE{ProbalisticRobot,
  author = {Thrun, S.},
  title = {{Probabilistic robotics}},
  journal = {Communications of the ACM},
  year = {2002},
  volume = {45},
  pages = {52--57},
  number = {3},
  publisher = {ACM New York, NY, USA}
}

@ARTICLE{postureResponse,
  author = {Torres-Oviedo, G. and Ting, L.H.},
  title = {{Muscle synergies characterizing human postural responses}},
  journal = {Journal of Neurophysiology},
  year = {2007},
  volume = {98},
  pages = {2144},
  number = {4},
  publisher = {Am Phys Soc}
}

@INPROCEEDINGS{Unuma1995,
  author = {Unuma, Munetoshi and Anjyo, Ken and Takeuchi, Ryozo},
  title = {Fourier principles for emotion-based human figure animation},
  booktitle = {SIGGRAPH '95: Proceedings of the 22nd annual conference on Computer
	graphics and interactive techniques},
  year = {1995},
  pages = {91--96},
  address = {New York, NY, USA},
  publisher = {ACM},
  doi = {http://doi.acm.org/10.1145/218380.218419},
  isbn = {0-89791-701-4}
}

@CONFERENCE{vaughan2004evolution,
  author = {Vaughan, E.D. and Di Paolo, E. and Harvey, I.R.},
  title = {{The evolution of control and adaptation in a 3D powered passive
	dynamic walker}},
  booktitle = {Artificial life IX: proceedings of the Ninth International Conference
	on the Simulation and Synthesis of Artificial Life},
  year = {2004},
  pages = {139},
  organization = {The MIT Press}
}

@ARTICLE{Viviani1992,
  author = {Viviani, P. and Stucchi, N.},
  title = {{Biological movements look uniform: evidence of motor-perceptual
	interactions}},
  journal = {J Exp Psychol Hum Percept Perform.},
  year = {1992},
  volume = {18},
  pages = {603--623},
  number = {3},
  __markedentry = {[fliu]},
  mynote = {Reference for how we perceive motion primitives},
  owner = {fliu},
  publisher = {American Psychological Assn.},
  timestamp = {2011.05.24}
}

@ARTICLE{Wampler2009,
  author = {Wampler, Kevin and Popovi\'{c}, Zoran},
  title = {Optimal gait and form for animal locomotion},
  year = {2009},
  pages = {1--8},
  address = {New York, NY, USA},
  booktitle = {SIGGRAPH '09: ACM SIGGRAPH 2009 papers},
  doi = {http://doi.acm.org/10.1145/1576246.1531366},
  isbn = {978-1-60558-726-4},
  location = {New Orleans, Louisiana},
  publisher = {ACM}
}

@INPROCEEDINGS{Wampler2009a,
  author = {Wampler, Kevin and Popovi\'{c}, Zoran},
  title = {{Optimal Gait and Form for Animal Locomotion}},
  booktitle = {ACM SIGGRAPH 2009 papers},
  year = {2009},
  series = {SIGGRAPH '09},
  pages = {60:1--60:8},
  address = {New York, NY, USA},
  publisher = {ACM},
  __markedentry = {[fliu]},
  acmid = {1531366},
  articleno = {60},
  numpages = {8},
  owner = {fliu},
  timestamp = {2011.05.24}
}

@INPROCEEDINGS{wang2010optimizing,
  author = {Wang, J.M. and Fleet, D.J. and Hertzmann, A.},
  title = {Optimizing walking controllers for uncertain inputs and environments},
  booktitle = {ACM Transactions on Graphics (TOG)},
  year = {2010},
  volume = {29},
  number = {4},
  pages = {73},
  organization = {ACM}
}

@ARTICLE{wei2011physically,
  author = {Wei, X. and Min, J. and Chai, J.},
  title = {Physically valid statistical models for human motion generation},
  journal = {ACM Transactions on Graphics (TOG)},
  year = {2011},
  volume = {30},
  pages = {19},
  number = {3},
  publisher = {ACM}
}

@ARTICLE{Weinstein2008,
  author = {Weinstein, R. and Guendelman, E. and Fedkiw, R.},
  title = {{Impulse-based control of joints and muscles}},
  journal = {IEEE Transactions on Visualization and Computer Graphics},
  year = {2008},
  volume = {14},
  pages = {37--46},
  number = {1}
}

@PHDTHESIS{Williamson1999,
  author = {Williamson, M.M.},
  title = {{Robot arm control exploiting natural dynamics}},
  school = {Citeseer},
  year = {1999},
  review = {involves CPG and Poincare Map}
}

@PHDTHESIS{Williamson1999a,
  author = {Williamson, M.M.},
  title = {Robot arm control exploiting natural dynamics},
  school = {Massachusetts Institute of Technology},
  year = {1999},
  __markedentry = {[fliu]},
  owner = {fliu},
  timestamp = {2011.05.24}
}

@MISC{Williamson1998,
  author = {Williamson, M.M.},
  title = {{Exploiting natural dynamics in robot control}},
  year = {1998},
  publisher = {Citeseer}
}

@CONFERENCE{Wisse2005,
  author = {Wisse, M. and Schwab, A.L.},
  title = {{First steps in passive dynamic walking}},
  booktitle = {Proceedings of the International Conference on Climbing and Walking
	Robots},
  year = {2005},
  organization = {Springer}
}

@INPROCEEDINGS{Witkin1988,
  author = {Witkin,, Andrew and Kass,, Michael},
  title = {Spacetime constraints},
  booktitle = {SIGGRAPH '88: Proceedings of the 15th annual conference on Computer
	graphics and interactive techniques},
  year = {1988},
  pages = {159--168},
  address = {New York, NY, USA},
  publisher = {ACM},
  doi = {http://doi.acm.org/10.1145/54852.378507},
  isbn = {0-89791-275-6}
}

@INPROCEEDINGS{Witkin1988a,
  author = {Witkin,, Andrew and Kass, Michael},
  title = {Spacetime constraints},
  booktitle = {ACM SIGGRAPH 88, Computer Graphics (Conference Proceedings)},
  year = {1988},
  pages = {159--168},
  address = {New York, NY, USA},
  organization = {ACM},
  __markedentry = {[fliu]},
  doi = {http://doi.acm.org/10.1145/54852.378507},
  isbn = {0-89791-275-6},
  owner = {fliu},
  timestamp = {2011.05.24}
}

@ARTICLE{wu2010terrain,
  author = {Wu, J. and Popovi{\'c}, Z.},
  title = {Terrain-adaptive bipedal locomotion control},
  journal = {ACM Transactions on Graphics (TOG)},
  year = {2010},
  volume = {29},
  pages = {72},
  number = {4},
  publisher = {ACM}
}

@CONFERENCE{wu2003realistic,
  author = {Wu, J. and Popovi{\'c}, Z.},
  title = {{Realistic modeling of bird flight animations}},
  booktitle = {ACM Transactions on Graphics (TOG)},
  year = {2003},
  volume = {22},
  number = {3},
  pages = {888--895},
  organization = {ACM},
  isbn = {1581137095},
  issn = {0730-0301}
}

@INPROCEEDINGS{Wu2003,
  author = {Wu, Jia-chi and Popovi\'{c}, Zoran},
  title = {Realistic modeling of bird flight animations},
  booktitle = {ACM SIGGRAPH 2003},
  year = {2003},
  series = {SIGGRAPH 03},
  pages = {888--895},
  address = {New York, NY, USA},
  organization = {ACM},
  __markedentry = {[fliu]},
  acmid = {882360},
  isbn = {1-58113-709-5},
  keywords = {aerodynamics, bird flight, computer animation, forward dynamics, physically
	based animation},
  location = {San Diego, California},
  numpages = {8},
  owner = {fliu},
  timestamp = {2011.05.24}
}

@ARTICLE{ye2010optimal,
  author = {Ye, Y. and Liu, C.K.},
  title = {Optimal feedback control for character animation using an abstract
	model},
  journal = {ACM Transactions on Graphics (TOG)},
  year = {2010},
  volume = {29},
  pages = {74},
  number = {4},
  publisher = {ACM}
}

@ARTICLE{UnactuateResponse,
  author = {Ye, Yuting and Liu, C. Karen},
  title = {Animating responsive characters with dynamic constraints in near-unactuated
	coordinates},
  journal = {ACM Trans. Graph.},
  year = {2008},
  volume = {27},
  pages = {1--5},
  number = {5},
  address = {New York, NY, USA},
  doi = {http://doi.acm.org/10.1145/1409060.1409065},
  issn = {0730-0301},
  publisher = {ACM}
}

@CONFERENCE{motionPerturbation,
  author = {Yin, K.K. and Cline, M.B. and Pai, D.K.},
  title = {{Motion perturbation based on simple neuromotor control models}},
  booktitle = {Proceedings of the 11th Pacific Conference on Computer Graphics and
	Applications},
  year = {2003},
  pages = {445},
  organization = {IEEE Computer Society Washington, DC, USA}
}

@ARTICLE{Yin2008,
  author = {Yin, KangKang and Coros, Stelian and Beaudoin, Philippe and van de
	Panne, Michiel},
  title = {Continuation methods for adapting simulated skills},
  journal = {ACM Trans. Graph.},
  year = {2008},
  volume = {27},
  pages = {1--7},
  number = {3},
  address = {New York, NY, USA},
  doi = {http://doi.acm.org/10.1145/1360612.1360680},
  issn = {0730-0301},
  publisher = {ACM}
}

@ARTICLE{Yin2007,
  author = {Yin, KangKang and Loken, Kevin and van de Panne, Michiel},
  title = {SIMBICON: simple biped locomotion control},
  journal = {ACM Trans. Graph.},
  year = {2007},
  volume = {26},
  pages = {105},
  number = {3},
  address = {New York, NY, USA},
  doi = {http://doi.acm.org/10.1145/1276377.1276509},
  issn = {0730-0301},
  publisher = {ACM}
}

@ARTICLE{Zajac1989,
  author = {Zajac, FE},
  title = {{Muscle and tendon: properties, models, scaling, and application
	to biomechanics and motor control.}},
  journal = {Critical reviews in biomedical engineering},
  year = {1989},
  volume = {17},
  pages = {359},
  number = {4}
}

@INPROCEEDINGS{Zhao2009,
  author = {Zhao, Liming and Normoyle, Aline and Khanna, Sanjeev and Safonova,
	Alla},
  title = {Automatic construction of a minimum size motion graph},
  booktitle = {SCA '09: Proceedings of the 2009 ACM SIGGRAPH/Eurographics Symposium
	on Computer Animation},
  year = {2009},
  pages = {27--35},
  address = {New York, NY, USA},
  publisher = {ACM},
  doi = {http://doi.acm.org/10.1145/1599470.1599474},
  isbn = {978-1-60558-610-6},
  location = {New Orleans, Louisiana}
}

