
@Article{matsuoka85,
 author = {K. Matsuoka},
 title = {Sustained oscillations generated by mutually inhibiting neurons with adaptation},
 journal = {Biological Cybernetics},
 year = {1985},
 volume = {52},
 number = {1},
 pages = {345--353}
}


@InProceedings{endo04,
 author = {Endo, G. and Morimoto, J. and Nakanishi, J. and  Cheng, G.},
 title = {An empirical exploration of a neural oscillator for biped locomotion control},
 booktitle = {IEEE International Conference on Robotics and Automation},
 pages = {3036--3042},
 year = {2004},
 volume = {3}
}

@inproceedings{wampler09,
 author = {Wampler, Kevin and Popovi\'{c}, Zoran},
 title = {{Optimal Gait and Form for Animal Locomotion}},
 booktitle = {ACM SIGGRAPH 2009 papers},
 series = {SIGGRAPH '09},
 year = {2009},  
 pages = {60:1--60:8},
 articleno = {60},
 numpages = {8}, 
 acmid = {1531366},
 publisher = {ACM},
 address = {New York, NY, USA},
}

@inproceedings{laszlo96,
 author = {Laszlo, Joseph and van de Panne, Michiel and Fiu Eugene},
 title = {Limit cycle control and its application to the animation of balancing and walking},
 booktitle = {Proceedings of the 23rd annual conference on Computer graphics and interactive techniques},
 series = {ACM SIGGRAPH 96},
 year = {1996},
 isbn = {0-89791-746-4},
 pages = {155--162},
 numpages = {8},
 organization = {ACM},
 address = {New York, NY, USA},
 keywords = {control, human animation, limit cycles, locomotion, physically-based modeling},
} 

@ARTICLE{raibert91,
  author = {Raibert, M.H. and Hodgins, J.K.},
  title = {Animation of dynamic legged locomotion},
  journal = {ACM SIGGRAPH 91, Computer Graphics (Conference Proceedings)},
  organization = {ACM},
  year = {1991},
  volume = {25},
  pages = {349--358},
  number = {4},
  publisher = {ACM New York, NY, USA}
}

@INPROCEEDINGS{hodgins95,
  author = {Jessica K. Hodgins and Wayne L. Wooten and David C. Brogan and James F. O'Brien},
  title = {Animating human athletics},
  booktitle = {ACM SIGGRAPH 95},
  year = {1995},
  pages = {71--78},
  address = {New York, NY, USA},
  organization = {ACM},
  doi = {http://doi.acm.org/10.1145/218380.218414},
  isbn = {0-89791-701-4}
}

@INPROCEEDINGS{witkin88,
  author = {Witkin,, Andrew and Kass, Michael},
  title = {Spacetime constraints},
  booktitle = {ACM SIGGRAPH 88, Computer Graphics (Conference Proceedings)},
  year = {1988},
  pages = {159--168},
  address = {New York, NY, USA},
  organization = {ACM},
  doi = {http://doi.acm.org/10.1145/54852.378507},
  isbn = {0-89791-275-6}
}

@ARTICLE{jain09,
  author = {Jain, Sumit and Ye, Yuting and Liu, C. Karen},
  title = {Optimization-based interactive motion synthesis},
  journal = {ACM Trans. Graph.},
  year = {2009},
  volume = {28},
  pages = {1--12},
  number = {1},
  address = {New York, NY, USA},
  doi = {http://doi.acm.org/10.1145/1477926.1477936},
  issn = {0730-0301},
  publisher = {ACM}
}

@INPROCEEDINGS{liu09,
  author = {Liu, C. Karen},
  title = {Dextrous manipulation from a grasping pose},
  booktitle = {ACM SIGGRAPH 2009},
  year = {2009},
  pages = {1--6},
  address = {New York, NY, USA},
  organization = {ACM},
  doi = {http://doi.acm.org/10.1145/1576246.1531365},
  isbn = {978-1-60558-726-4},
  location = {New Orleans, Louisiana}
}

@INPROCEEDINGS{macchietto09,
  author = {Macchietto, Adriano and Zordan, Victor and Shelton, Christian R.},
  title = {Momentum control for balance},
  booktitle = {ACM SIGGRAPH 2009},
  year = {2009},
  pages = {1--8},
  address = {New York, NY, USA},
  organization = {ACM},
  doi = {http://doi.acm.org/10.1145/1576246.1531386},
  isbn = {978-1-60558-726-4},
  location = {New Orleans, Louisiana}
}

@inproceedings{wu03,
 author = {Wu, Jia-chi and Popovi\'{c}, Zoran},
 title = {Realistic modeling of bird flight animations},
 booktitle = {ACM SIGGRAPH 2003},
 series = {SIGGRAPH 03},
 year = {2003},
 isbn = {1-58113-709-5},
 location = {San Diego, California},
 pages = {888--895},
 numpages = {8},
 acmid = {882360},
 organization = {ACM},
 address = {New York, NY, USA},
 keywords = {aerodynamics, bird flight, computer animation, forward dynamics, physically based animation},
} 

@PHDTHESIS{liu05,
  author = {Liu, Cheng-Yun Karen},
  title = {Towards a generative model of natural motion},
  year = {2005},
  address = {Seattle, WA, USA},
  note = {Chair-Popovic, Zoran},
  isbn = {0-542-24634-1},
  order_no = {AAI3183384},
  school = {University of Washington}
}

@BOOK{latash08,
  title = {Neurophysiological basis of movement},
  publisher = {Human Kinetics Publishers},
  year = {2008},
  editora = {Judy Patterson Wright},
  author = {Latash, M.L.}
}

@ARTICLE{feldman86,
  author = {Feldman, A. G.},
  title = {{Once more on the equilibrium-point hypothesis($\lambda$ model) for motor control}},
  journal = {Journal of motor behavior},
  year = {1986},
  volume = {18},
  pages = {17--54},
  number = {1},
  publisher = {Heldref}
}

@ARTICLE{nishikawa07,
  author = {Nishikawa, K. and Biewener, A.A. and Aerts, P. and Ahn, A.N. and Chiel, H.J. and Daley, M.A. and Daniel, T.L. and others},
  title = {{Neuromechanics: an integrative approach for understanding motor control}},
  journal = {Integrative and Comparative Biology},
  year = {2007},
  publisher = {Soc Integ Comp Biol},
  volume = {47}, 
  number = {1},
	pages = {16--54}
}

@ARTICLE{cohen88,
  author = {Cohen, A. H.},
  title = {Evolution of the vertebrate central pattern generator for locomotion},
  journal = {Neural control of rhythmic movements in vertebrates},
  year = {1988},
  pages = {129--166}
}

@ARTICLE{flash07,
  author = {Flash, T. and Handzel, A.A.},
  title = {{Affine differential geometry analysis of human arm movements}},
  journal = {Biological cybernetics},
  year = {2007},
  volume = {96},
  pages = {577--601},
  number = {6},
  issn = {0340-1200},
  publisher = {Springer}
}

@article{taga91,
  title={{Self--organized control of bipedal locomotion by neural oscillators in unpredictable environment}},
  author={Taga, G. and Yamaguchi, Y. and Shimizu, H.},
  journal={Biological Cybernetics},
  volume={65},
  number={3},
  pages={147--159},
  issn={0340-1200},
  year={1991},
  publisher={Springer}
}

@PHDTHESIS{williamson99,
  author = {Williamson, M.M.},
  title = {Robot arm control exploiting natural dynamics},
  school = {Massachusetts Institute of Technology},
  year = {1999},
}


@ARTICLE{spong05,
  author = {Spong, M.W. and Bullo, F.},
  title = {{Controlled symmetries and passive walking}},
  journal = {Automatic Control, IEEE Transactions on},
  year = {2005},
  volume = {50},
  pages = {1025--1031},
  number = {7},
  issn = {0018-9286},
  publisher = {IEEE}
}

@BOOK{abraham87,
  title = {{Foundations of Mechanics, Second Edition}},
  year = {1987},
  author = {Abraham, Ralph and Marsden, Jerrold E.},
  publisher = {Addison-Wesley}
}

@book{marsden99,
  title={Introduction to mechanics and symmetry},
  author={Marsden, J.E. and Ratiu, T.S.},
  volume={17},
  year={1999},
  publisher={Springer}
}

@BOOK{olver86,
  title = {{Applications of Lie groups to differential equations}},
  publisher = {Springer-Verlag},
  year = {1986},
  author = {Olver, P.J.},
  volume = {107}
}

@MASTERSTHESIS{chen07,
  title={{Passive dynamic walking with knees: A point foot model}},
  author={Vanessa F. Hsu Chen},
  year={2007},
  school={Massachusetts Institute of Technology}
}

@ARTICLE{goldstein02,
  title = {{Classical mechanics}},
  year = {2002},
  author = {Goldstein, H. and Poole, C. and Safko, J. and Addison, S.R.},
  volume = {70},
  pages = {782},
  journal = {American Journal of Physics}
}

@ARTICLE{collins09,
  author = {Collins, S.H. and Adamczyk, P.G. and Kuo, A.D.},
  title = {{Dynamic arm swinging in human walking}},
  journal = {Proceedings of the Royal Society B: Biological Sciences},
  year = {2009},
  volume = {276},
  pages = {3679},
  number = {1673},
  publisher = {The Royal Society}
}

@CONFERENCE{stephens09,
  author = {Stephens, B. and Atkeson, C.},
  title = {{Modeling and control of periodic humanoid balance using the linear
	biped model}},
  booktitle = {Humanoid Robots, 2009. Humanoids 2009. 9th IEEE-RAS International
	Conference on},
  year = {2009},
  pages = {379--384},
  organization = {IEEE}
}

@TECHREPORT{ostrowski95,
  author = {Ostrowski, J.P.},
  title = {{The mechanics and control of undulatory robotic locomotion}},
  institution = {California Institute of Technology, Pasadena CA},
  year = {1995}
}

@phdthesis{melli08,
  title={{A hierarchy of models for the control of fish-like locomotion}},
  author={Melli, J.B.},
  year={2008},
  school={Princeton University}
}

@article{grizzle01,
  title={{Asymptotically stable walking for biped robots: Analysis via systems with impulse effects}},
  author={Grizzle, J.W. and Abba, G. and Plestan, F.},
  journal={IEEE Transactions on Automatic Control},
  volume={46},
  number={1},
  pages={51--64},
  issn={0018-9286},
  year={2001},
  publisher={IEEE}
}

@article{chevallereau09,
  title={{Asymptotically stable walking of a five-link underactuated 3-D bipedal robot}},
  author={Chevallereau, C. and Grizzle, J.W. and Shih, C.L.},
  journal={IEEE Transactions on Robotics},
  volume={25},
  number={1},
  pages={37--50},
  issn={1552-3098},
  year={2009},
  publisher={IEEE}
}

@conference{ames07,
  title={{A geometric approach to three-dimensional hipped bipedal robotic walking}},
  author={Ames, A.D. and Gregg, R.D. and Spong, M.W.},
  booktitle={IEEE Conference on Decision and Control, },
  pages={5123--5130},
  issn={0191-2216},
  year={2007},
  organization={IEEE}
}

@conference{reynolds87,
  title={{Flocks, Herds, and Schools: A Distributed Behavioral Model}},
  author={Reynolds, C. W.},
  booktitle={ACM SIGGRAPH 87, Computer Graphics (Conference Proceedings)},
  pages={25--34},
  volume={21},
  number={4},
  issn={0191-2216},
  year={1987}
}

@article{viviani92,
  title={{Biological movements look uniform: evidence of motor-perceptual interactions}},
  author={Viviani, P. and Stucchi, N.},
  journal={J Exp Psychol Hum Percept Perform.},
  volume={18},
  number={3},
  pages={603--623},  
  year={1992},
  publisher={American Psychological Assn.},
  mynote={Reference for how we perceive motion primitives}
}

@article{poggio04,
  title={{Generalization in vision and motor control}},
  author={Poggio, T. and Bizzi, E.},
  journal={Nature},
  volume={431},
  number={},
  pages={768--774},  
  year={2004},
  publisher={{NPG}},
  mynote={Motion Primitive memory}
}

@article{degallier10,
 author = {Degallier, Sarah and Ijspeert, Auke},
 title = {Modeling discrete and rhythmic movements through motor primitives: a review},
 journal = {Biol. Cybern.},
 volume = {103},
 issue = {4},
 month = {October},
 year = {2010}, 
 pages = {319--338},
 publisher = {Springer-Verlag New York, Inc.},
 mynote = {All motion is periodic}
} 
